@article{cite:niigata2024,
  title   = {{北海道におけるスキーヤーの活動継続に関する研究}},
  author  = {新潟太郎 and 長岡花子},
  journal = {札幌スポーツジャーナル},
  volume  = {2013},
  number  = {13},
  pages   = {113--121},
  year    = {2024}
}

@misc{cite:青空文庫Aozo22:online,
  author       = {},
  title        = {{青空文庫　Aozora Bunko}},
  howpublished = {\url{https://www.aozora.gr.jp/}},
  month        = {},
  year         = {},
  note         = {(Accessed on 02/06/2023)}
}